% From the Overleaf Citations reference page https://www.overleaf.com/learn/latex/Bibliography_management_with_biblatex

@article{JHEP1,
    author = "Duplančić, G. and Melić, B.",
    title = "J. High Energ. Phys. 2015, 138",
    journal = "Journal of High Energy Physics",
    volume = "2015",
    pages = "138",
    year = "2015",
    DOI = "https://doi.org/10.1007/JHEP11(2015)138",
    keywords = ""  % You can add keywords if needed
}

@article{Kallen1952,
    author = "Källén, Gunnar",
    title = "On the Definition of the Renormalization Constants in Quantum Electrodynamics",
    journal = "Helvetica Physica Acta",
    volume = "25",
    pages = "417",
    year = "1952",
    DOI = "https://doi.org/10.5169/seals-112316",
    keywords = ""  % You can add keywords if needed
}

@article{Lehmann1954,
    author = "Lehmann, Harry",
    title = "Über Eigenschaften von Ausbreitungsfunktionen und Renormierungskonstanten quantisierter Felder",
    journal = "Nuovo Cimento",
    volume = "11",
    number = "4",
    pages = "342–357",
    year = "1954",
    DOI = "https://doi.org/10.1007/bf02783624",
    ISSN = "0029-6341",
    keywords = ""  % You can add keywords if needed
}



@book{dirac,
    title={The Principles of Quantum Mechanics},
    author={Paul Adrien Maurice Dirac},
    isbn={9780198520115},
    series={International series of monographs on physics},
    year={1981},
    publisher={Clarendon Press},
    keywords = {physics}
}

@online{knuthwebsite,
    author    = "Donald Knuth",
    title     = "Knuth: Computers and Typesetting",
    url       = "http://www-cs-faculty.stanford.edu/~uno/abcde.html",
    keywords  = "latex,knuth"
}

@inbook{knuth-fa,
    author = "Donald E. Knuth",
    title = "Fundamental Algorithms",
    publisher = "Addison-Wesley",
    year = "1973",
    chapter = "1.2",
    keywords  = "knuth,programming"
}